<?xml version="1.0" encoding="UTF-8"?><collection xmlns="http://www.loc.gov/MARC21/slim"><record><leader>00552nam--2200169-i-4500</leader><controlfield tag="001">000001571</controlfield><controlfield tag="002">20161230</controlfield><controlfield tag="005">20161230201024</controlfield><controlfield tag="008">060222s1000------------r-----000-0-eng-d</controlfield><datafield ind1=" " ind2=" " tag="040"><subfield code="a">IFIN-HH</subfield></datafield><datafield ind1=" " ind2=" " tag="080"><subfield code="a">539.183.4:539.214(043)</subfield></datafield><datafield ind1="1" ind2=" " tag="100"><subfield code="a">Goldman, Stephen Allen</subfield></datafield><datafield ind1="1" ind2="0" tag="245"><subfield code="a">An esr study of rotational reorientation and spin relaxation in liquid and frozen media</subfield><subfield code="b">Dissertation</subfield><subfield code="c">Stephen allen goldman</subfield></datafield><datafield ind1=" " ind2=" " tag="260"><subfield code="a">Ann Arbor, Michigan</subfield><subfield code="b">University Microfilms</subfield><subfield code="c">1973</subfield></datafield><datafield ind1=" " ind2=" " tag="300"><subfield code="a">XI + 182 P</subfield></datafield><datafield ind1=" " ind2=" " tag="852"><subfield code="a">47102</subfield><subfield code="c">539.18</subfield></datafield><datafield ind1=" " ind2=" " tag="CAT"><subfield code="a">Sys</subfield><subfield code="c">20120704</subfield><subfield code="h">144433</subfield></datafield></record></collection>